@article{abd2018calculating,
  title={CALCULATING MCCABE'S CYCLOMATIC COMPLEXITY METRIC AND ITS EFFECT ON THE QUALITY ASPECTS OF SOFTWARE},
  author={Abd Jader, Marwa Najm and Mahmood, Riyadh Zaghlool},
  year={2018}
}

@article{ahsan2017relative,
  title={The relative contribution of DNA methylation and genetic variants on protein biomarkers for human diseases},
  author={Ahsan, Muhammad and Ek, Weronica E and Rask-Andersen, Mathias and Karlsson, Torgny and Lind-Thomsen, Allan and Enroth, Stefan and Gyllensten, Ulf and Johansson, {\AA}sa},
  journal={PLoS genetics},
  volume={13},
  number={9},
  pages={e1007005},
  year={2017},
  publisher={Public Library of Science San Francisco, CA USA}
}

@article{azencott2018machine,
  title={Machine learning and genomics: precision medicine versus patient privacy},
  author={Azencott, C-A},
  journal={Philosophical Transactions of the Royal Society A: Mathematical, Physical and Engineering Sciences},
  volume={376},
  number={2128},
  pages={20170350},
  year={2018},
  publisher={The Royal Society Publishing}
}

@article{baggerly2009deriving,
  title={Deriving chemosensitivity from cell lines: Forensic bioinformatics and reproducible research in high-throughput biology},
  author={Baggerly, Keith A and Coombes, Kevin R},
  journal={The Annals of Applied Statistics},
  pages={1309--1334},
  year={2009},
  publisher={JSTOR}
}

@article{bilderbeek2020mcbette,
  title={mcbette: model comparison using babette},
  author={Bilderbeek, Rich{\`e}l JC},
  journal={Journal of Open Source Software},
  volume={5},
  number={54},
  pages={2762},
  year={2020}
}

@ARTICLE{bilderbeek2022transmembrane,
  AUTHOR={Bilderbeek, Richèl J. C. and Baranov, Maksim V. and van den Bogaart, Geert and Bianchi, Frans},   
  TITLE={Transmembrane Helices Are an Over-Presented and Evolutionarily Conserved Source of Major Histocompatibility Complex Class I and II Epitopes},
  JOURNAL={Frontiers in Immunology},      
  VOLUME={12},      
  YEAR={2022},      
  URL={https://www.frontiersin.org/article/10.3389/fimmu.2021.763044},       
  DOI={10.3389/fimmu.2021.763044},
  ISSN={1664-3224}
}

@article{chen2019empirical,
  title={An Empirical Investigation of Correlation between Code Complexity and Bugs},
  author={Chen, Changqi},
  journal={arXiv preprint arXiv:1912.01142},
  year={2019}
}

@inproceedings{del1995correlation,
  title={On the correlation between code coverage and software reliability},
  author={Del Frate, Fabio and Garg, Praerit and Mathur, Aditya P and Pasquini, Alberto},
  booktitle={Software Reliability Engineering, 1995. Proceedings., Sixth International Symposium on},
  pages={124--132},
  year={1995},
  organization={IEEE}
}

@article{enroth2014strong,
  title={Strong effects of genetic and lifestyle factors on biomarker variation and use of personalized cutoffs},
  author={Enroth, Stefan and Johansson, {\AA}sa and Enroth, Sofia Bosdotter and Gyllensten, Ulf},
  journal={Nature communications},
  volume={5},
  number={1},
  pages={1--11},
  year={2014},
  publisher={Nature Publishing Group}
}

@article{enroth2015effect,
  title={Effect of genetic and environmental factors on protein biomarkers for common non-communicable disease and use of personally normalized plasma protein profiles (PNPPP)},
  author={Enroth, Stefan and Bosdotter Enroth, Sofia and Johansson, {\AA}sa and Gyllensten, Ulf},
  journal={Biomarkers},
  volume={20},
  number={6-7},
  pages={355--364},
  year={2015},
  publisher={Taylor \& Francis}
}

@article{etienne2020daisie,
  title={DAISIE: Dynamical assembly of islands by speciation, immigration and extinction},
  author={Etienne, Rampal and Valente, Luis Lima and Phillimore, Albert B and Haegeman, Bart and Lambert, Joshua and Neves, Pedro and Xie, Shu and Bilderbeek, Rich{\`e}l and Hauffe, Torsten and Laudanno, Giovanni and others},
  year={2020}
}

@inproceedings{fang2001,
  title={Using a coding standard to improve program quality},
  author={Fang, Xuefen},
  booktitle={Quality Software, 2001. Proceedings. Second Asia-Pacific Conference on},
  pages={73--78},
  year={2001},
  organization={IEEE}
}

@article{gopalakrishna2022prevalence,
  title={Prevalence of questionable research practices, research misconduct and their potential explanatory factors: A survey among academic researchers in The Netherlands},
  author={Gopalakrishna, Gowri and Ter Riet, Gerben and Vink, Gerko and Stoop, Ineke and Wicherts, Jelte M and Bouter, Lex M},
  journal={PloS one},
  volume={17},
  number={2},
  pages={e0263023},
  year={2022},
  publisher={Public Library of Science}
}

@article{gorgolewski2016practical,
  title={A practical guide for improving transparency and reproducibility in neuroimaging research},
  author={Gorgolewski, Krzysztof J and Poldrack, Russell},
  journal={bioRxiv},
  pages={039354},
  year={2016},
  publisher={Cold Spring Harbor Labs Journals}
}

@misc{glossary2003oecd,
  title={The OECD glossary of statistical terms},
  author={Glossary, OECD},
  year={2003},
  publisher={Online at: http://stats.oecd.org/glossary/detail.asp}
}

@misc{haibe2020importance,
  title={The importance of transparency and reproducibility in artificial intelligence research. 2020},
  author={Haibe-Kains, Benjamin and Adam, GA and Hosny, Ahmed and Khodakarami, Farnoosh and Board, MS and Waldron, Levi and Wang, Bo and Mcintosh, Chris and Kundaje, Anshul and Greene, Casey and others},
  year={2020}
}

@online{hopfner2005,
 author  = "Nicolas Höpfner",
 title   = "Wooden church of {K}aresuando, {S}weden",
 year    = "2005",
 urlseen = "29-05-2022",
 url     = "https://commons.wikimedia.org/wiki/File:Karesuando_church.jpg",
}

@article{horgan1994,
  title={Achieving software quality with testing coverage measures},
  author={Horgan, Joseph R. and London, Saul and Lyu, Michael R},
  journal={Computer},
  volume={27},
  number={9},
  pages={60--69},
  year={1994},
  publisher={IEEE}
}

@article{igl2010northern,
  title={The Northern Swedish Population Health Study (NSPHS)--a paradigmatic study in a rural population combining community health and basic research},
  author={Igl, Wilmar and Johansson, {\AA}sa and Gyllensten, Ulf},
  journal={Rural and remote health},
  volume={10},
  number={2},
  pages={198--215},
  year={2010},
  publisher={James Cook University Townsville QLD.}
}

@article{johansson2013identification,
  title={Identification of genetic variants influencing the human plasma proteome},
  author={Johansson, {\AA}sa and Enroth, Stefan and Palmblad, Magnus and Deelder, Andr{\'e} M and Bergquist, Jonas and Gyllensten, Ulf},
  journal={Proceedings of the National Academy of Sciences},
  volume={110},
  number={12},
  pages={4673--4678},
  year={2013},
  publisher={National Acad Sciences}
}

@misc{bbbqarticleissue157,
  author = {Richèl J. C. Bilderbeek},
  title = {{BBBQ} article issue 157},
  howpublished = {\url{https://github.com/richelbilderbeek/bbbq_article_issue_157}},
  year = {2021},
  note = {[Accessed 29-May-2022]},
}

@article{labrecque2019interpretation,
  title={Interpretation and potential biases of Mendelian randomization estimates with time-varying exposures},
  author={Labrecque, Jeremy A and Swanson, Sonja A},
  journal={American journal of epidemiology},
  volume={188},
  number={1},
  pages={231--238},
  year={2019},
  publisher={Oxford University Press}
}

@article{patil2019visual,
  title={A visual tool for defining reproducibility and replicability},
  author={Patil, Prasad and Peng, Roger D and Leek, Jeffrey T},
  journal={Nature human behaviour},
  volume={3},
  number={7},
  pages={650--652},
  year={2019},
  publisher={Nature Publishing Group}
}

@article{peng2011reproducible,
  title={Reproducible research in computational science},
  author={Peng, Roger D},
  journal={Science},
  volume={334},
  number={6060},
  pages={1226--1227},
  year={2011},
  publisher={American Association for the Advancement of Science}
}

@article{peng2021reproducible,
  title={Reproducible research: A retrospective},
  author={Peng, Roger D and Hicks, Stephanie C},
  journal={Annual review of public health},
  volume={42},
  pages={79--93},
  year={2021},
  publisher={Annual Reviews}
}

@article{perez2016ten,
  title={Ten Simple Rules for Taking Advantage of git and GitHub},
  author={Perez-Riverol, Yasset and Gatto, Laurent and Wang, Rui and Sachsenberg, Timo and Uszkoreit, Julian and Leprevost, Felipe and Fufezan, Christian and Ternent, Tobias and Eglen, Stephen J and Katz, Daniel SS and others},
  journal={bioRxiv},
  pages={048744},
  year={2016},
  publisher={Cold Spring Harbor Labs Journals}
}

@article{prive2020ldpred2,
  title={LDpred2: better, faster, stronger},
  author={Priv{\'e}, Florian and Arbel, Julyan and Vilhj{\'a}lmsson, Bjarni J},
  journal={Bioinformatics},
  volume={36},
  number={22-23},
  pages={5424--5431},
  year={2020},
  publisher={Oxford University Press}
}

@article{rahman2020exploratory,
  title={An exploratory characterization of bugs in covid-19 software projects},
  author={Rahman, Akond and Farhana, Effat},
  journal={arXiv preprint arXiv:2006.00586},
  year={2020}
}

@article{ram2018community,
  title={A community of practice around peer review for long-term research software sustainability},
  author={Ram, Karthik and Boettiger, Carl and Chamberlain, Scott and Ross, Noam and Salmon, Ma{\"e}lle and Butland, Stefanie},
  journal={Computing in Science \& Engineering},
  volume={21},
  number={2},
  pages={59--65},
  year={2018},
  publisher={IEEE}
}

@article{russell2018large,
  title={A large-scale analysis of bioinformatics code on GitHub},
  author={Russell, Pamela H and Johnson, Rachel L and Ananthan, Shreyas and Harnke, Benjamin and Carlson, Nichole E},
  journal={PLoS One},
  volume={13},
  number={10},
  pages={e0205898},
  year={2018},
  publisher={Public Library of Science San Francisco, CA USA}
}

@inproceedings{sadowski2018modern,
  title={Modern code review: a case study at google},
  author={Sadowski, Caitlin and S{\"o}derberg, Emma and Church, Luke and Sipko, Michal and Bacchelli, Alberto},
  booktitle={Proceedings of the 40th International Conference on Software Engineering: Software Engineering in Practice},
  pages={181--190},
  year={2018}
}

@online{shafee2015,
 author  = "Thomas Shafee",
 title   = "Protein coding genes are transcribed to an {mRNA} intermediate, then translated to a functional protein. {RNA}-coding genes are transcribed to a functional non-coding {RNA}",
 year    = "2005",
 urlseen = "29-05-2022",
 url     = "https://en.wikipedia.org/wiki/File:DNA_to_protein_or_ncRNA.svg",
}

@online{sponk2012,
 author  = "Sponk and Tryphon and Magnus Manske and User:Dietzel65 and LadyofHats (Mariana Ruiz) and Radio89",
 title   = "Diagram of {DNA} in a eukaryotic cell",
 year    = "2012",
 urlseen = "29-05-2022",
 url     = "https://commons.wikimedia.org/wiki/File:Eukaryote_DNA-en.svg",
}

@inproceedings{vasilescu2015,
  title={Quality and productivity outcomes relating to continuous integration in GitHub},
  author={Vasilescu, Bogdan and Yu, Yue and Wang, Huaimin and Devanbu, Premkumar and Filkov, Vladimir},
  booktitle={Proceedings of the 2015 10th Joint Meeting on Foundations of Software Engineering},
  pages={805--816},
  year={2015},
  organization={ACM}
}

@article{wicherts2016degrees,
  title={Degrees of freedom in planning, running, analyzing, and reporting psychological studies: A checklist to avoid p-hacking},
  author={Wicherts, Jelte M and Veldkamp, Coosje LS and Augusteijn, Hilde EM and Bakker, Marjan and Van Aert, Robbie and Van Assen, Marcel ALM},
  journal={Frontiers in psychology},
  pages={1832},
  year={2016},
  publisher={Frontiers}
}

@article{wilson2014best,
  title={Best practices for scientific computing},
  author={Wilson, Greg and Aruliah, Dhavide A and Brown, C Titus and Hong, Neil P Chue and Davis, Matt and Guy, Richard T and Haddock, Steven HD and Huff, Kathryn D and Mitchell, Ian M and Plumbley, Mark D and others},
  journal={PLoS biology},
  volume={12},
  number={1},
  pages={e1001745},
  year={2014},
  publisher={Public Library of Science}
}

@article{wilkinson2016fair,
  title={The FAIR Guiding Principles for scientific data management and stewardship},
  author={Wilkinson, Mark D and Dumontier, Michel and Aalbersberg, IJsbrand Jan and Appleton, Gabrielle and Axton, Myles and Baak, Arie and Blomberg, Niklas and Boiten, Jan-Willem and da Silva Santos, Luiz Bonino and Bourne, Philip E and others},
  journal={Scientific data},
  volume={3},
  number={1},
  pages={1--9},
  year={2016},
  publisher={Nature Publishing Group}
}

@inproceedings{zhang2016review,
  title={A review of homomorphic encryption and its applications},
  author={Zhang, Lifang and Zheng, Yan and Kantoa, Raimo},
  booktitle={Proceedings of the 9th EAI International Conference on Mobile Multimedia Communications},
  pages={97--106},
  year={2016}
}

@incollection{zimmermann2008predicting,
  title={Predicting bugs from history},
  author={Zimmermann, Thomas and Nagappan, Nachiappan and Zeller, Andreas},
  booktitle={Software evolution},
  pages={69--88},
  year={2008},
  publisher={Springer}
}

